[gd_scene load_steps=19 format=3 uid="uid://d00admwqn5umh"]

[ext_resource type="Script" path="res://ship/editor/ship_editor.gd" id="1_p715o"]
[ext_resource type="MeshLibrary" uid="uid://dxx7giskn0mri" path="res://ship/tiles/test.tres" id="2_7r36f"]
[ext_resource type="Script" path="res://ship/editor/Cursor.gd" id="2_onqqw"]
[ext_resource type="Texture2D" uid="uid://b7gujfccbixy8" path="res://environment/textures/nebula_skybox.jpeg" id="2_y35pb"]
[ext_resource type="Script" path="res://ship/editor/grid_map.gd" id="3_e3rur"]
[ext_resource type="Texture2D" uid="uid://b5ldkve85qs4s" path="res://ship/editor/textures/cursor_corner_32.png" id="4_667pl"]
[ext_resource type="Script" path="res://addons/phantom_camera/scripts/phantom_camera/phantom_camera_3D.gd" id="4_ebdui"]
[ext_resource type="Script" path="res://camera/orbit/orbit_camera.gd" id="4_mmahl"]
[ext_resource type="Script" path="res://addons/phantom_camera/scripts/resources/tween_resource.gd" id="5_d7ytt"]
[ext_resource type="Script" path="res://addons/phantom_camera/scripts/phantom_camera_host/phantom_camera_host.gd" id="5_way0v"]
[ext_resource type="Theme" uid="uid://qohpwlowwhtu" path="res://ui/default_theme.tres" id="11_aqrim"]

[sub_resource type="Animation" id="Animation_i447x"]
length = 0.001
tracks/0/type = "bezier"
tracks/0/imported = false
tracks/0/enabled = true
tracks/0/path = NodePath("BottomRight:scale:x")
tracks/0/interp = 1
tracks/0/loop_wrap = true
tracks/0/keys = {
"handle_modes": PackedInt32Array(0),
"points": PackedFloat32Array(1, -0.25, 0, 0.25, 0),
"times": PackedFloat32Array(0)
}
tracks/1/type = "bezier"
tracks/1/imported = false
tracks/1/enabled = true
tracks/1/path = NodePath("BottomRight:scale:y")
tracks/1/interp = 1
tracks/1/loop_wrap = true
tracks/1/keys = {
"handle_modes": PackedInt32Array(0),
"points": PackedFloat32Array(1, -0.25, 0, 0.25, 0),
"times": PackedFloat32Array(0)
}
tracks/2/type = "bezier"
tracks/2/imported = false
tracks/2/enabled = true
tracks/2/path = NodePath("BottomRight:scale:z")
tracks/2/interp = 1
tracks/2/loop_wrap = true
tracks/2/keys = {
"handle_modes": PackedInt32Array(0),
"points": PackedFloat32Array(1, -0.25, 0, 0.25, 0),
"times": PackedFloat32Array(0)
}

[sub_resource type="Animation" id="Animation_56rpk"]
resource_name = "wobble"
length = 2.0
loop_mode = 1
tracks/0/type = "bezier"
tracks/0/imported = false
tracks/0/enabled = true
tracks/0/path = NodePath("BottomRight:scale:x")
tracks/0/interp = 1
tracks/0/loop_wrap = true
tracks/0/keys = {
"handle_modes": PackedInt32Array(0, 0, 0),
"points": PackedFloat32Array(1.05, -0.25, 0, 0.25, 0, 0.954, -0.25, 0, 0.25, 0, 1.05, -0.25, 0, 0.25, 0),
"times": PackedFloat32Array(0, 1, 2)
}
tracks/1/type = "bezier"
tracks/1/imported = false
tracks/1/enabled = true
tracks/1/path = NodePath("BottomRight:scale:y")
tracks/1/interp = 1
tracks/1/loop_wrap = true
tracks/1/keys = {
"handle_modes": PackedInt32Array(0, 0, 0),
"points": PackedFloat32Array(1.05, -0.25, 0, 0.25, 0, 0.954, -0.25, 0, 0.25, 0, 1.05, -0.25, 0, 0.25, 0),
"times": PackedFloat32Array(0, 1, 2)
}
tracks/2/type = "bezier"
tracks/2/imported = false
tracks/2/enabled = true
tracks/2/path = NodePath("BottomRight:scale:z")
tracks/2/interp = 1
tracks/2/loop_wrap = true
tracks/2/keys = {
"handle_modes": PackedInt32Array(0, 0, 0),
"points": PackedFloat32Array(1.05, -0.25, 0, 0.25, 0, 0.954, -0.25, 0, 0.25, 0, 1.05, -0.25, 0, 0.25, 0),
"times": PackedFloat32Array(0, 1, 2)
}

[sub_resource type="AnimationLibrary" id="AnimationLibrary_1uaot"]
_data = {
"RESET": SubResource("Animation_i447x"),
"wobble": SubResource("Animation_56rpk")
}

[sub_resource type="PanoramaSkyMaterial" id="PanoramaSkyMaterial_4d0ev"]
panorama = ExtResource("2_y35pb")

[sub_resource type="Sky" id="Sky_c6yvt"]
sky_material = SubResource("PanoramaSkyMaterial_4d0ev")

[sub_resource type="Environment" id="Environment_603av"]
background_mode = 2
sky = SubResource("Sky_c6yvt")
ambient_light_source = 2
ambient_light_color = Color(1, 1, 1, 1)
reflected_light_source = 2
ssao_enabled = true
sdfgi_enabled = true
sdfgi_use_occlusion = true
glow_enabled = true
fog_light_color = Color(0.517647, 0.552941, 0.607843, 1)
fog_light_energy = 0.53

[sub_resource type="Resource" id="Resource_cnb1w"]
script = ExtResource("5_d7ytt")
duration = 1.0
transition = 3
ease = 2

[node name="ShipEditor" type="Node3D"]
script = ExtResource("1_p715o")
grid_size = 20
color = Color(1, 0.497795, 0, 1)

[node name="GridMap" type="GridMap" parent="."]
mesh_library = ExtResource("2_7r36f")
cell_center_y = false
script = ExtResource("3_e3rur")
metadata/_editor_floor_ = Vector3(0, 0, 0)

[node name="Tile" type="Node3D" parent="."]

[node name="Cursor" type="Node3D" parent="." node_paths=PackedStringArray("top_left", "top_right", "bot_left", "bot_right")]
script = ExtResource("2_onqqw")
top_left = NodePath("TopLeft")
top_right = NodePath("TopRight")
bot_left = NodePath("BottomLeft")
bot_right = NodePath("BottomRight")

[node name="TopLeft" type="Sprite3D" parent="Cursor"]
transform = Transform3D(-1, 0, -8.74228e-08, 0, 1, 0, 8.74228e-08, 0, -1, 1, 0, 1)
pixel_size = 0.0078
axis = 1
no_depth_test = true
texture = ExtResource("4_667pl")

[node name="TopRight" type="Sprite3D" parent="Cursor"]
transform = Transform3D(-4.37114e-08, 0, 1, 0, 1, 0, -1, 0, -4.37114e-08, -1, 0, 1)
pixel_size = 0.0078
axis = 1
no_depth_test = true
texture = ExtResource("4_667pl")

[node name="BottomRight" type="Sprite3D" parent="Cursor"]
transform = Transform3D(1, 0, 0, 0, 1, 0, 0, 0, 1, -1, 0, -1)
pixel_size = 0.0078
axis = 1
no_depth_test = true
texture = ExtResource("4_667pl")

[node name="BottomLeft" type="Sprite3D" parent="Cursor"]
transform = Transform3D(1.31134e-07, 0, -1, 0, 1, 0, 1, 0, 1.31134e-07, 1, 0, -1)
pixel_size = 0.0078
axis = 1
no_depth_test = true
texture = ExtResource("4_667pl")

[node name="AnimationPlayer" type="AnimationPlayer" parent="Cursor"]
libraries = {
"": SubResource("AnimationLibrary_1uaot")
}
autoplay = "wobble"

[node name="WorldEnvironment" type="WorldEnvironment" parent="."]
environment = SubResource("Environment_603av")

[node name="Ui" type="Control" parent="."]
layout_mode = 3
anchors_preset = 9
anchor_bottom = 1.0
offset_right = 179.0
grow_vertical = 2
theme = ExtResource("11_aqrim")

[node name="Panel" type="Panel" parent="Ui"]
layout_mode = 1
anchors_preset = 15
anchor_right = 1.0
anchor_bottom = 1.0
grow_horizontal = 2
grow_vertical = 2

[node name="VBoxContainer" type="VBoxContainer" parent="Ui/Panel"]
layout_mode = 1
anchors_preset = 15
anchor_right = 1.0
anchor_bottom = 1.0
offset_left = 10.0
offset_top = 15.0
offset_right = -10.0
offset_bottom = -15.0
grow_horizontal = 2
grow_vertical = 2
alignment = 2

[node name="SaveButton" type="Button" parent="Ui/Panel/VBoxContainer"]
layout_mode = 2
text = "Save Ship"

[node name="Cameras" type="Node" parent="."]

[node name="PhantomCamera3D" type="Node3D" parent="Cameras"]
transform = Transform3D(1, 6.55672e-08, -1.57277e-07, 2.18557e-08, 0.866025, 0.5, 1.6899e-07, -0.5, 0.866025, -0.1348, 13.1305, 12)
script = ExtResource("4_ebdui")
priority_override = false
priority = 1
follow_mode = 2
follow_target = NodePath("../Orbit/OrbitController")
follow_parameters/target_offset = Vector3(0, 0, 0)
follow_parameters/damping = false
look_at_mode = 1
look_at_target = NodePath("../Orbit/OrbitController")
tween_parameters = SubResource("Resource_cnb1w")
tween_on_load = false
inactive_update_mode = 0
camera_3D_resource = null

[node name="Camera" type="Camera3D" parent="Cameras"]
unique_name_in_owner = true
transform = Transform3D(1, 6.55672e-08, -1.57277e-07, 2.18557e-08, 0.866025, 0.5, 1.6899e-07, -0.5, 0.866025, -0.1348, 13.1305, 12)

[node name="PhantomCameraHost" type="Node" parent="Cameras/Camera"]
script = ExtResource("5_way0v")

[node name="Orbit" type="Node3D" parent="Cameras"]

[node name="OrbitController" type="Marker3D" parent="Cameras/Orbit" node_paths=PackedStringArray("anchor_node")]
transform = Transform3D(1, 6.55671e-08, -1.57277e-07, 2.18557e-08, 0.866025, 0.5, 1.68989e-07, -0.5, 0.866025, -0.1348, 13.1305, 12)
gizmo_extents = 2.38
script = ExtResource("4_mmahl")
anchor_node = NodePath("..")
SCROLL_SPEED = 100.0
ZOOM_SPEED = 50.0
distance_minmax_m = Vector2(5, 25)
ROTATE_SPEED = 0.5
